<?xml version="1.0" encoding="UTF-8"?><collection xmlns="http://www.loc.gov/MARC21/slim"><record><leader>00499nam--2200181-u-4500</leader><controlfield tag="001">000051143</controlfield><controlfield tag="002">20161230</controlfield><controlfield tag="005">20161230201049</controlfield><controlfield tag="008">080522s1000------------r-----000-0-eng-d</controlfield><datafield ind1=" " ind2=" " tag="040"><subfield code="a">IFIN-HH</subfield></datafield><datafield ind1=" " ind2=" " tag="080"><subfield code="a">519.65(043)</subfield></datafield><datafield ind1="1" ind2=" " tag="100"><subfield code="a">GOUT, Jean-Louis</subfield></datafield><datafield ind1="1" ind2=" " tag="245"><subfield code="a">Elements finis polygonaux de wachspress These de Doctorat d'etat es-sciences mathematiques</subfield></datafield><datafield ind1=" " ind2=" " tag="260"><subfield code="a">Paris</subfield><subfield code="b">f.ed</subfield><subfield code="c">1980</subfield></datafield><datafield ind1=" " ind2=" " tag="300"><subfield code="a">p. dif</subfield></datafield><datafield ind1="1" ind2=" " tag="700"><subfield code="a">Jean-Louis Gout</subfield></datafield><datafield ind1=" " ind2=" " tag="852"><subfield code="a">49601</subfield><subfield code="c">512.831</subfield></datafield><datafield ind1=" " ind2=" " tag="CAT"><subfield code="a">Sys</subfield><subfield code="c">20080522</subfield><subfield code="h">133348</subfield></datafield></record></collection>